@article{Jakob:2014:CFR,
	author = {Jakob, Wenzel and d'Eon, Eugene and Jakob, Otto and Marschner, Steve},
	title = {A Comprehensive Framework for Rendering Layered Materials},
	journal = {ACM Trans. Graph.},
	volume = {33},
	number = {4},
	year = {2014},
	pages = {118:1--118:14},
} 

@article{guo2017rendering,
	title={Rendering Thin Transparent Layers with Extended Normal Distribution Functions},
	author={Guo, Jie and Qian, Jinghui and Guo, Yanwen and Pan, Jingui},
	journal={IEEE transactions on visualization and computer graphics},
	volume={23},
	number={9},
	pages={2108--2119},
	year={2017},
}

@inproceedings{Walter:2007:MMR,
	author = {Walter, Bruce and Marschner, Stephen R. and Li, Hongsong and Torrance, Kenneth E.},
	title = {Microfacet Models for Refraction Through Rough Surfaces},
	booktitle = {Proceedings of the 18th Eurographics Conference on Rendering Techniques},
	year = {2007},
	pages = {195--206},
} 

@article{Heitz:2016:MMB,
	author = {Heitz, Eric and Hanika, Johannes and d'Eon, Eugene and Dachsbacher, Carsten},
	title = {Multiple-scattering Microfacet BSDFs with the Smith Model},
	journal = {ACM Trans. Graph.},
	volume = {35},
	number = {4},
	year = {2016},
	pages = {58:1--58:14},
} 

@article{Khungurn:2015:MRF,
	author = {Khungurn, Pramook and Schroeder, Daniel and Zhao, Shuang and Bala, Kavita and Marschner, Steve},
	title = {Matching Real Fabrics with Micro-Appearance Models},
	journal = {ACM Trans. Graph.},
	volume = {35},
	number = {1},
	year = {2015},
	pages = {1:1--1:26},
} 

@article{Zhao:2011:BVA,
	author = {Zhao, Shuang and Jakob, Wenzel and Marschner, Steve and Bala, Kavita},
	title = {Building Volumetric Appearance Models of Fabric Using Micro CT Imaging},
	journal = {ACM Trans. Graph.},
	volume = {30},
	number = {4},
	year = {2011},
	pages = {44:1--44:10},
} 

@PHDTHESIS{ VeachThesis,
    AUTHOR    = "Eric Veach",
    TITLE     = "Robust Monte Carlo Methods for Light Transport Simulation",
    SCHOOL    = "Stanford University",
    YEAR      = 1997
}

@inproceedings{Weidlich:2007:ALM,
	author = {Weidlich, Andrea and Wilkie, Alexander},
	title = {Arbitrarily Layered Micro-facet Surfaces},
	booktitle = {Proc. 5th Int. Conf. Comput. Graph. Interactive Techn.},
	year = {2007},
	pages = {171--178},
} 

@article{Cook:1982:RMC,
	author = {Cook, R. L. and Torrance, K. E.},
	title = {A Reflectance Model for Computer Graphics},
	journal = {ACM Trans. Graph.},
	volume = {1},
	number = {1},
	year = {1982},
	pages = {7--24},
} 

@article{Jakob:2010:RTF,
	author = {Jakob, Wenzel and Arbree, Adam and Moon, Jonathan T. and Bala, Kavita and Marschner, Steve},
	title = {A Radiative Transfer Framework for Rendering Materials with Anisotropic Structure},
	journal = {ACM Trans. Graph.},
	volume = {29},
	number = {4},
	year = {2010},
	pages = {53:1--53:13},
}

@inproceedings{Hanrahan1993,
 author = {Hanrahan, Pat and Krueger, Wolfgang},
 title = {Reflection from Layered Surfaces Due to Subsurface Scattering},
 booktitle = {Proceedings of the 20th Annual Conference on Computer Graphics and Interactive Techniques},
 series = {SIGGRAPH '93},
 year = {1993},
 isbn = {0-89791-601-8},
 location = {Anaheim, CA},
 pages = {165--174},
 numpages = {10},
 url = {http://doi.acm.org/10.1145/166117.166139},
 doi = {10.1145/166117.166139},
 acmid = {166139},
 publisher = {ACM},
 address = {New York, NY, USA},
 keywords = {Monte Carlo, integral equations, reflection models},
} 

@inproceedings{Stam2001,
 author = {Stam, Jos},
 title = {An Illumination Model for a Skin Layer Bounded by Rough Surfaces},
 booktitle = {Proceedings of the 12th Eurographics Workshop on Rendering Techniques},
 year = {2001},
 isbn = {3-211-83709-4},
 pages = {39--52},
 numpages = {14},
 url = {http://dl.acm.org/citation.cfm?id=647653.732287},
 acmid = {732287},
 publisher = {Springer-Verlag},
 address = {London, UK, UK},
} 

@article{Walter2009,
author = {Walter, Bruce and Zhao, Shuang and Holzschuch, Nicolas and Bala, Kavita},
title = {Single Scattering in Refractive Media with Triangle Mesh Boundaries},
journal = {ACM Trans. Graph.},
volume = {28},
number = {3},
year = {2009},
pages = {92:1--92:8},
}

@article{Arbree:2011:HSS,
	author = {Arbree, Adam and Walter, Bruce and Bala, Kavita},
	title = {Heterogeneous Subsurface Scattering Using the Finite Element Method},
	journal = {IEEE Transactions on Visualization and Computer Graphics},
	volume = {17},
	number = {7},
	year = {2011},
	pages = {956--969},
}

@article{Frisvad:2014:DDM,
	author = {Frisvad, Jeppe Revall and Hachisuka, Toshiya and Kjeldsen, Thomas Kim},
	title = {Directional Dipole Model for Subsurface Scattering},
	journal = {ACM Trans. Graph.},
	volume = {34},
	number = {1},
	year = {2014},
	pages = {5:1--5:12},
} 

@inproceedings{Jensen:2001:PMS,
	author = {Jensen, Henrik Wann and Marschner, Stephen R. and Levoy, Marc and Hanrahan, Pat},
	title = {A Practical Model for Subsurface Light Transport},
	booktitle = {Proceedings of the 28th Annual Conference on Computer Graphics and Interactive Techniques},
	year = {2001},
	pages = {511--518},
} 

@article{Heitz:2015:SMD,
	author = {Heitz, Eric and Dupuy, Jonathan and Crassin, Cyril and Dachsbacher, Carsten},
	title = {The SGGX Microflake Distribution},
	journal = {ACM Trans. Graph.},
	volume = {34},
	number = {4},
	year = {2015},
	pages = {48:1--48:11},
} 

@misc{Mitsuba,
	Author = {Wenzel Jakob},
	Year = {2010},
	Note = {http://www.mitsuba-renderer.org},
	Title = {Mitsuba renderer}
} 

@article{Schussler2017,
 author = {Sch\"{u}ssler, Vincent and Heitz, Eric and Hanika, Johannes and Dachsbacher, Carsten},
 title = {Microfacet-based Normal Mapping for Robust Monte Carlo Path Tracing},
 journal = {ACM Trans. Graph.},
 volume = {36},
 number = {6},
 month = nov,
 year = {2017},
 pages = {205:1--205:12},
} 

@article{Belcour2018,
	author = {Laurent Belcour},
	title = {Efficient Rendering of Layered Materials using an Atomic Decomposition with Statistical Operators},
	journal = {ACM Trans. Graph.},
	year = {2018},
}

@article{Zeltner2018,
	author = {Zeltner, Tizian and Jakob, Wenzel},
	title = {The Layer Laboratory: A Calculus for Additive and Subtractive Composition of Anisotropic Surface Reflectance},
	journal = {ACM Trans. Graph.},
	year = {2018},
}

@article{Zhao2013,
 author = {Zhao, Shuang and Ha\v{s}an, Milo\v{s} and Ramamoorthi, Ravi and Bala, Kavita},
 title = {Modular Flux Transfer: Efficient Rendering of High-resolution Volumes with Repeated Structures},
 journal = {ACM Trans. Graph.},
 issue_date = {July 2013},
 volume = {32},
 number = {4},
 month = jul,
 year = {2013},
 issn = {0730-0301},
 pages = {131:1--131:12},
 articleno = {131},
 numpages = {12},
 url = {http://doi.acm.org/10.1145/2461912.2461938},
 doi = {10.1145/2461912.2461938},
 acmid = {2461938},
 publisher = {ACM},
 address = {New York, NY, USA},
 keywords = {precomputation, rendering, textiles},
} 

@inproceedings{Koerner2016,
 author = {Koerner, David and Nov\'{a}k, Jan and Kutz, Peter and Habel, Ralf and Jarosz, Wojciech},
 title = {Subdivision Next-event Estimation for Path-traced Subsurface Scattering},
 booktitle = {Proceedings of the Eurographics Symposium on Rendering: Experimental Ideas \& Implementations},
 series = {EGSR '16},
 year = {2016},
 pages = {91--96},
} 

@article{Donner:2008:LHR,
	author = {Donner, Craig and Weyrich, Tim and d'Eon, Eugene and Ramamoorthi, Ravi and Rusinkiewicz, Szymon},
	title = {A Layered, Heterogeneous Reflectance Model for Acquiring and Rendering Human Skin},
	journal = {ACM Trans. Graph.},
	volume = {27},
	number = {5},
	year = {2008},
	pages = {140:1--140:12},
}

@article{sekiguchi2017simple,
	title={Simple ray-tracing model for a rough surface including multiple scattering effects},
	author={Sekiguchi, Yoshifumi and Kaneko, Hiroki},
	journal={Applied Optics},
	volume={56},
	number={1},
	pages={35--45},
	year={2017},
}

@inproceedings{bouthors2006real,
	title={Real-time realistic illumination and shading of stratiform clouds},
	author={Bouthors, Antoine and Neyret, Fabrice and Lefebvre, Sylvain},
	booktitle={Eurographics Workshop on Natural Phenomena},
	year={2006}
}
